
@book{vanicek1986,
  address = {Amsterdam; New York, N.Y},
  edition = {2nd ed},
  title = {Geodesy, the concepts},
  isbn = {978-0-444-87775-8 978-0-444-87777-2},
  lccn = {QB281 .V36 1986},
  timestamp = {2016-05-12T16:11:29Z},
  publisher = {{Elsevier Science Pub. Co}},
  author = {Van{\'\i}{\v c}ek, Petr and Krakiwsky, Edward J.},
  year = {1986},
  keywords = {Geodesy},
  file = {vaníček1986.pdf:/home/leo/Dropbox/bib/pdf/vaníček1986.pdf:application/pdf}
}

@book{tikhonov1977,
  address = {Washington : New York},
  series = {Scripta series in mathematics},
  title = {Solutions of ill-posed problems},
  isbn = {978-0-470-99124-4},
  lccn = {QA297 .T5413},
  language = {eng},
  timestamp = {2016-05-12T15:59:24Z},
  publisher = {{Winston}},
  author = {Tikhonov, A. N. and Arsenin, V. Y.},
  year = {1977},
  keywords = {Improperly posed problems,numerical analysis}
}


