/******************************************************************************
Use the https://www.doi2bib.org website to easily get well formated BibTex
entries.
******************************************************************************/
@article{Thompson1982,
  author = {Thompson, D. T.},
  journal = {Geophysics},
  number = {1},
  year = {1982},
  month = {2},
  pages = {31--37},
  title = {EULDPH: a new technique for making computer-assisted depth estimates from magnetic data.},
  volume = {47},
  doi = {10.1190/1.1441278},
  issn = {00168033},
}
@article{Reid1990,
  author = {Reid, A. B. and Allsop, J. M. and Granser, H. and Millett, A. J. and Somerton, I. W.},
  journal = {GEOPHYSICS},
  number = {1},
  year = {1990},
  month = {1},
  pages = {80--91},
  title = {Magnetic interpretation in three dimensions using {Euler} deconvolution},
  volume = {55},
  doi = {10.1190/1.1442774},
  issn = {00168033},
}
@article{Reid2014,
  title = {The structural index in gravity and magnetic interpretation: Errors,  uses,  and abuses},
  volume = {79},
  ISSN = {1942-2156},
  url = {http://dx.doi.org/10.1190/GEO2013-0235.1},
  DOI = {10.1190/geo2013-0235.1},
  number = {4},
  journal = {GEOPHYSICS},
  publisher = {Society of Exploration Geophysicists},
  author = {Reid,  Alan B. and Thurston,  Jeffrey B.},
  year = {2014},
  month = jul,
  pages = {J61–J66}
}
@book{Aster2018,
  title={Parameter estimation and inverse problems},
  author={Aster, Richard C and Borchers, Brian and Thurber, Clifford H},
  year={2018},
  publisher={Elsevier}
}
@book{Vanicek1986,
  title={Geodesy: The Concepts},
  author={Van{\'\i}cek, P. and Krakiwsky, E.J.},
  year={1986},
  publisher={Elsevier Science}
}
@misc{Ruddock1966,
  title={Method for determining depth and falloff rate of subterranean magnetic disturbances utilizing a plurality of magnetometers},
  author={Ruddock, Kenneth A and Slack, Howard A and Sheldon, Breiner},
  year={1966},
  note={US Patent 3,263,161}
}
@article{Silva2001,
  title = {Scattering,  symmetry,  and bias analysis of source‐position estimates in Euler deconvolution and its practical implications},
  volume = {66},
  ISSN = {1942-2156},
  DOI = {10.1190/1.1487062},
  number = {4},
  journal = {GEOPHYSICS},
  publisher = {Society of Exploration Geophysicists},
  author = {Silva,  J. B. C. and Barbosa,  V. C. F. and Medeiros,  W. E.},
  year = {2001},
  month = jul,
  pages = {1149–1156}
}
@article{Melo2020,
  title = {Reliable Euler deconvolution estimates throughout the vertical derivatives of the total-field anomaly},
  volume = {138},
  ISSN = {0098-3004},
  DOI = {10.1016/j.cageo.2020.104436},
  journal = {Computers \& Geosciences},
  publisher = {Elsevier BV},
  author = {Melo,  Felipe F. and Barbosa,  Valéria C.F.},
  year = {2020},
  month = may,
  pages = {104436}
}
@article{Pasteka2009,
  title = {Regularized derivatives of potential fields and their role in semi‐automated interpretation methods},
  volume = {57},
  ISSN = {1365-2478},
  DOI = {10.1111/j.1365-2478.2008.00780.x},
  number = {4},
  journal = {Geophysical Prospecting},
  publisher = {Wiley},
  author = {Pašteka,  R. and Richter,  F.P. and Karcol,  R. and Brazda,  K. and Hajach,  M.},
  year = {2009},
  month = jun,
  pages = {507–516}
}
@article{Florio2014,
  title = {On the estimation of the structural index from low-pass filtered magnetic data},
  volume = {79},
  ISSN = {1942-2156},
  DOI = {10.1190/geo2013-0421.1},
  number = {6},
  journal = {GEOPHYSICS},
  publisher = {Society of Exploration Geophysicists},
  author = {Florio,  Giovanni and Fedi,  Maurizio and Pašteka,  Roman},
  year = {2014},
  month = nov,
  pages = {J67–J80}
}
@book{WellsKrakiwsky1971,
  title       = "The method of least squares",
  author      = "Wells, D.E. and Krakiwsky, E.J.",
  publisher   = "Department of {G}eodesy and {G}eomatics {E}ngineering {L}ecture {N}otes, University of New Brunswick",
  number      = "18",
  year        = 1971,
  month       = may
}
